@mastersthesis{Fio:2014,
  title = {Automatic generation of {Retinal} {Fundus} {Image} {Phantoms}:
    non-vascular regions},
  shorttitle = {Automatic generation of {Retinal} {Fundus} {Image} {Phantoms}},
  url = {http://tesi.cab.unipd.it/45457/},
  urldate = {2015-10-22},
  author = {Fiorini, Samuele},
  year = {2014},
  note = {00000},
  file = {fiorini-samuele-tesi.pdf:/home/ltl/.mozilla/firefox/jdzcs90q.default/zotero/storage/ARS98DCC/fiorini-samuele-tesi.pdf:application/pdf}
    
}

@inproceedings{FioDe-BiaBal:2014,
  title = {Automatic {Generation} of {Synthetic} {Retinal} {Fundus} {Images}},
  url = {http://cvip.computing.dundee.ac.uk/papers/FioriniSTAG2014.pdf},
  urldate = {2015-10-22},
  author = {Fiorini, S. and De Biasi, M. and Ballerini, L. and Trucco, E. and
    Ruggeri, A.},
  year = {2014},
  file = {FioriniSTAG2014.pdf:/home/ltl/.mozilla/firefox/jdzcs90q.default/zotero/storage/T6KJTWMI/FioriniSTAG2014.pdf:application/pdf}
    
}

@phdthesis{Kau:2010,
  author = {Tomi Kauppi},
  title = {Eye Fundus Image Analysis for Automatic Detection of Diabetic
    Retinopathy},
  school = {Lappeenranta University of Technology},
  year = {2010},
  optkey = {},
  opttype = {},
  optaddress = {},
  optmonth = {},
  optnote = {},
  optannote = {}
}

@inproceedings{KauKamLen:2009,
  author = {T. Kauppi and J.-K. Kamarainen and L. Lensu and V. Kalesnykiene and
    I. Sorri and H. K\"alvi\"ainen and H. Uusitalo and J. Pietil{\"a}},
  title = {Fusion of multiple expert annotations and overall score selection for
    medical image diagnosis},
  booktitle = {Proceedings of the Scandinavian Conference on Image Analysis
    (SCIA2009)},
  year = {2009},
  address = {Oslo, Norway},
  pages = {760-769}
}

@phdthesis{Laa:2016,
  type = {Ph.{D}. thesis},
  title = {Spectral retinal image processing and analysis for ophthalmology},
  url = {http://doria32-kk.lib.helsinki.fi/handle/10024/123509},
  urldate = {2016-12-06},
  school = {Lappeenranta University of Technology},
  author = {Laaksonen, Lauri},
  year = {2016}
}

@inproceedings{LinMed:2008,
  author = {Y. Lin and G. Medioni},
  title = {Retinal Image Registration from 2D to 3D},
  address = {Anchorage, AK},
  booktitle = {Proceedings of the IEEE Computer Society Conference on Computer
    Vision and Pattern Recognition ({CVPR2008})},
  pages = {1--8},
  year = {2008},
  volume = {1},
  month = {June}
}

@inproceedings{PerMacTru:2011,
  author = {A Perez-rovira and T Macgillivray and E Trucco and K S Chin and K
    Zutis and C Lupascu and D Tegolo and A Giachetti and Pj Wilson and A Doney
    and B Dhillon},
  title = {Vampire: Vessel assessment and measurement platform for images of the
    retina},
  booktitle = {In 33rd Annual International Conference of the IEEE Engineering
    in Medicine and Biology Society (EMBC)},
  year = {2011},
  pages = {3391--3394}
}

@article{RamMatKan:2008,
  title = {Measurement of oxygen saturation in the retina with a
spectroscopic sensitive multi aperture camera},
  volume = {16},
  url = {http://www.opticsinfobase.org/abstract.cfm?uri=OE-16-9-6170},
  number = {9},
  urldate = {2015-01-26},
  journal = {Optics express},
  author = {J.C. Ramella-Roman and S.A. Mathews and H. Kandimalla and A.
Nabili and D.D. Duncan and S.A. D'Anna and S.M. Shah and Q.D. Nguyen},
  year = {2008},
  note = {00044},
  pages = {6170--6182}
}

@inproceedings{Bea:2002,
  title = {Spectral reflectance technique for retinal blood oxygen
evaluation in humans},
  url = {http://ieeexplore.ieee.org/xpls/abs_all.jsp?arnumber=1182264},
  urldate = {2014-10-29},
  booktitle = {Applied {Imagery} {Pattern} {Recognition} {Workshop}, 2002.
{Proceedings}. 31st},
  publisher = {IEEE},
  author = {J. Beach},
  year = {2002},
  note = {00004},
  pages = {117--123}
}

@article{StyCalCla:2006,
  author = {I.B. Styles and A. Calcagni and E. Claridge and F.
    Orihuela-Espina and J.M. Gibson},
  title = {Quantitative analysis of multi-spectral fundus images},
  journal = {Medical Image Analysis},
  year = {2006},
  optkey = {},
  volume = {10},
  number = {4},
  pages = {578-597},
  month = {August},
  optnote = {},
  optannote = {}
}

@inproceedings{SolTruNem:2001,
  title = {Spectrally-based fundus imaging: implications for image
enhancement and diagnosis of retinal diseases},
  volume = {2},
  shorttitle = {Spectrally-based fundus imaging},
  url = {http://ieeexplore.ieee.org/xpls/abs_all.jsp?arnumber=987694},
  urldate = {2014-10-29},
  booktitle = {Signals, {Systems} and {Computers}, 2001. {Conference}
{Record} of the {Thirty}-{Fifth} {Asilomar} {Conference} on},
  publisher = {IEEE},
  author = {P. Soliz and P.W. Truitt and S.C. Nemeth},
  year = {2001},
  note = {00002},
  pages = {1268--1272}
}
